@INCOLLECTION{1995LNP...454..412T,
       author = {{Tsvetkov}, M.~K. and {Stavrev}, K.~Y. and {Tsvetkova}, K.~P. and {Mutafov}, A.~S.},
        title = "{Wide-Field Plate Database: A Progress Report}",
    booktitle = {IAU Colloq. 151: Flares and Flashes},
         year = 1995,
       editor = {{Greiner}, Jochen and {Duerbeck}, Hilmar W. and {Gershberg}, Roald E.},
       volume = {454},
        pages = {412},
          doi = {10.1007/3-540-60057-4_322},
       adsurl = {https://ui.adsabs.harvard.edu/abs/1995LNP...454..412T},
      adsnote = {Provided by the SAO/NASA Astrophysics Data System}
}


@MISC{soft:pyplates,
	author = {Taavi Tuvikene},
	title = "pyplate version 4",
	year = 2022,
	howpublished = {Software Package},
	url = {https://pypi.org/project/pyplate/}
}


@ARTICLE{2002A&A...395.1077C,
       author = {{Calabretta}, M.~R. and {Greisen}, E.~W.},
        title = "{Representations of celestial coordinates in FITS}",
      journal = {A\&A},
     keywords = {methods: data analysis, techniques: image processing, astronomical data bases: miscellaneous, astrometry, Astrophysics},
         year = 2002,
        month = dec,
       volume = {395},
        pages = {1077-1122},
          doi = {10.1051/0004-6361:20021327},
archivePrefix = {arXiv},
       eprint = {astro-ph/0207413},
 primaryClass = {astro-ph},
       adsurl = {https://ui.adsabs.harvard.edu/abs/2002A&A...395.1077C},
      adsnote = {Provided by the SAO/NASA Astrophysics Data System}
}
